%% This BibTeX bibliography file was created using BibDesk.
%% http://bibdesk.sourceforge.net/

%% Created for Benjamin Troller at 2018-03-16 15:43:07 -0700 


%% Saved with string encoding Unicode (UTF-8) 



@electronic{computerworldWindows10AutoInstallsUpdates,
	Annote = {Samsung expanded the recall to all Note 7s},
	Author = {Woody Leonhard},
	Date-Added = {2018-03-16 22:41:18 +0000},
	Date-Modified = {2018-03-16 22:43:07 +0000},
	Howpublished = {\url{https://www.computerworld.com/article/2949622/microsoft-windows/windows-10-forced-updates-dont-panic.html}},
	Note = {Article detailing how Microsoft forced updates on Windows 10 users},
	Publisher = {Computerworld},
	Title = {Windows 10 forced updates: Don't panic},
	Bdsk-Url-1 = {http://english.yonhapnews.co.kr/search1/2603000000.html?cid=AEN20160831012100320}}

@electronic{amazonEchoInstallsUpdatesAutomatically,
	Annote = {Samsung expanded the recall to all Note 7s},
	Author = {Amazon},
	Date-Added = {2018-03-16 22:36:42 +0000},
	Date-Modified = {2018-03-16 22:39:30 +0000},
	Howpublished = {\url{https://www.amazon.com/gp/help/customer/display.html?nodeId=202168870}},
	Note = {Page from Amazon's support site that describes how Echo devices automatically install updates},
	Publisher = {Amazon},
	Title = {Check \& Update Your Alexa Device Software},
	Bdsk-Url-1 = {http://english.yonhapnews.co.kr/search1/2603000000.html?cid=AEN20160831012100320}}

@book{safetyStandardsBook,
	Author = {Ross E. Cheit},
	Date-Added = {2018-03-16 22:31:49 +0000},
	Date-Modified = {2018-03-16 22:33:01 +0000},
	Publisher = {University of California Press},
	Title = {Setting Safety Standards: Regulation in the Public and Private Sectors},
	Year = {1990}}

@electronic{googleBreakdownAndroidSubsystems,
	Annote = {Samsung expanded the recall to all Note 7s},
	Author = {Google},
	Date-Added = {2018-03-16 20:40:44 +0000},
	Date-Modified = {2018-03-16 20:41:21 +0000},
	Howpublished = {\url{https://developer.android.com/guide/platform/index.html}},
	Publisher = {Google},
	Title = {Platform Artchitecture},
	Bdsk-Url-1 = {http://english.yonhapnews.co.kr/search1/2603000000.html?cid=AEN20160831012100320}}

@electronic{gubatronEstimateAndroidSourceSize,
	Annote = {Samsung expanded the recall to all Note 7s},
	Author = {Gubatron},
	Date-Added = {2018-03-16 20:38:07 +0000},
	Date-Modified = {2018-03-16 20:39:50 +0000},
	Howpublished = {\url{http://www.gubatron.com/blog/2010/05/23/how-many-lines-of-code-does-it-take-to-create-the-android-os/}},
	Note = {An estimate of the size of the Android project back in 2010},
	Publisher = {Gubatron.com},
	Title = {How Many Lines of Code Does it Take to Create the Android OS?},
	Bdsk-Url-1 = {http://english.yonhapnews.co.kr/search1/2603000000.html?cid=AEN20160831012100320}}

@electronic{redhatTrusted,
	Annote = {Samsung expanded the recall to all Note 7s},
	Author = {Red Hat, Inc.},
	Date-Added = {2018-03-16 20:27:12 +0000},
	Date-Modified = {2018-03-16 20:28:02 +0000},
	Howpublished = {\url{https://www.redhat.com/en/about/trusted}},
	Publisher = {Red Hat, Inc.},
	Title = {Tired. Tested. Trusted.},
	Bdsk-Url-1 = {http://english.yonhapnews.co.kr/search1/2603000000.html?cid=AEN20160831012100320}}

@electronic{waybackmachineSamsungChangedRecallNotiec,
	Annote = {Samsung expanded the recall to all Note 7s},
	Author = {Samsung},
	Date-Added = {2018-03-16 18:40:20 +0000},
	Date-Modified = {2018-03-16 18:40:45 +0000},
	Howpublished = {\url{http://web.archive.org/web/20161209233248/http://www.samsung.com/us/note7recall/#expand}},
	Month = {Jan},
	Publisher = {Internet Archive},
	Title = {Samsung Expands Recall to All Galaxy Note7 Devices},
	Year = {2017},
	Bdsk-Url-1 = {http://english.yonhapnews.co.kr/search1/2603000000.html?cid=AEN20160831012100320}}

@electronic{waybackmachineRecallNoticeDec9,
	Annote = {Samsung expanded the recall to all Note 7s},
	Author = {Samsung},
	Date-Added = {2018-03-16 18:07:52 +0000},
	Date-Modified = {2018-03-16 18:08:56 +0000},
	Howpublished = {\url{http://web.archive.org/web/20161209233248/http://www.samsung.com/us/note7recall/#expand}},
	Month = {Dec},
	Publisher = {Internet Archive},
	Title = {Samsung Expands Recall to All Galaxy Note7 Devices},
	Year = {2016},
	Bdsk-Url-1 = {http://english.yonhapnews.co.kr/search1/2603000000.html?cid=AEN20160831012100320}}

@electronic{merriamDefineStatement,
	Annote = {Samsung expanded the recall to all Note 7s},
	Date-Added = {2018-03-16 17:27:55 +0000},
	Date-Modified = {2018-03-16 17:28:08 +0000},
	Howpublished = {\url{https://www.merriam-webster.com/dictionary/statement}},
	Note = {Definition of the word ``statement"},
	Publisher = {Merriam-Webster},
	Title = {Definition of Deception},
	Bdsk-Url-1 = {http://english.yonhapnews.co.kr/search1/2603000000.html?cid=AEN20160831012100320}}

@electronic{merriamDefineDeception,
	Annote = {Samsung expanded the recall to all Note 7s},
	Date-Added = {2018-03-16 17:22:47 +0000},
	Date-Modified = {2018-03-16 17:23:03 +0000},
	Howpublished = {\url{https://www.merriam-webster.com/dictionary/deception}},
	Note = {Definition of the word ``deception"},
	Publisher = {Merriam-Webster},
	Title = {Definition of Deception},
	Bdsk-Url-1 = {http://english.yonhapnews.co.kr/search1/2603000000.html?cid=AEN20160831012100320}}

@electronic{merriamDefineFair,
	Annote = {Samsung expanded the recall to all Note 7s},
	Date-Added = {2018-03-16 17:20:22 +0000},
	Date-Modified = {2018-03-16 17:20:35 +0000},
	Howpublished = {\url{https://www.merriam-webster.com/dictionary/fair}},
	Note = {Definition of the word ``fair"},
	Publisher = {Merriam-Webster},
	Title = {Definition of Fair},
	Bdsk-Url-1 = {http://english.yonhapnews.co.kr/search1/2603000000.html?cid=AEN20160831012100320}}

@electronic{merriamDefineCause,
	Annote = {Samsung expanded the recall to all Note 7s},
	Date-Added = {2018-03-16 16:55:35 +0000},
	Date-Modified = {2018-03-16 16:55:46 +0000},
	Howpublished = {\url{https://www.merriam-webster.com/dictionary/cause}},
	Note = {Definition of the word ``cause""},
	Publisher = {Merriam-Webster},
	Title = {Definition of Cause},
	Bdsk-Url-1 = {http://english.yonhapnews.co.kr/search1/2603000000.html?cid=AEN20160831012100320}}

@electronic{cnetHotelDamages,
	Annote = {Samsung expanded the recall to all Note 7s},
	Author = {Chris Matyszczyk},
	Date-Added = {2018-03-16 16:52:12 +0000},
	Date-Modified = {2018-03-16 17:04:59 +0000},
	Howpublished = {\url{https://www.cnet.com/news/customer-claims-note-7-exploded-in-hotel-room-caused-considerable-damage/}},
	Month = {Sep},
	Publisher = {CNET},
	Title = {Exploding Galaxy Note 7 caused \$1,400 damage to hotel room, customer says},
	Year = {2016},
	Bdsk-Url-1 = {http://english.yonhapnews.co.kr/search1/2603000000.html?cid=AEN20160831012100320}}

@electronic{vergeDamagesCaused,
	Annote = {Samsung expanded the recall to all Note 7s},
	Author = {Chris Welch},
	Date-Added = {2018-03-16 16:43:52 +0000},
	Date-Modified = {2018-03-16 16:44:23 +0000},
	Howpublished = {\url{https://www.theverge.com/2016/9/8/12855352/samsung-note-7-recall-fires}},
	Month = {Sep},
	Publisher = {The Verge},
	Title = {Samsung's recalled Galaxy Note 7 blamed for Jeep and garage fires},
	Year = {2016},
	Bdsk-Url-1 = {http://english.yonhapnews.co.kr/search1/2603000000.html?cid=AEN20160831012100320}}

@electronic{oxfordDefineSerious,
	Annote = {Samsung expanded the recall to all Note 7s},
	Date-Added = {2018-03-16 06:57:57 +0000},
	Date-Modified = {2018-03-16 06:58:11 +0000},
	Howpublished = {\url{https://en.oxforddictionaries.com/definition/serious}},
	Note = {Definition of the word ``serious"},
	Publisher = {Oxford Dictionaries},
	Title = {Definition of serious in English},
	Bdsk-Url-1 = {http://english.yonhapnews.co.kr/search1/2603000000.html?cid=AEN20160831012100320}}

@electronic{merriamDefineGrave,
	Annote = {Samsung expanded the recall to all Note 7s},
	Date-Added = {2018-03-16 06:53:11 +0000},
	Date-Modified = {2018-03-16 06:53:23 +0000},
	Howpublished = {\url{https://www.merriam-webster.com/dictionary/grave}},
	Note = {Definition of the word ``grave"},
	Publisher = {Merriam-Webster},
	Title = {Definition of Grave},
	Bdsk-Url-1 = {http://english.yonhapnews.co.kr/search1/2603000000.html?cid=AEN20160831012100320}}

@electronic{oxfordDefineConcern,
	Annote = {Samsung expanded the recall to all Note 7s},
	Date-Added = {2018-03-16 06:50:32 +0000},
	Date-Modified = {2018-03-16 06:50:49 +0000},
	Howpublished = {\url{https://en.oxforddictionaries.com/definition/concern}},
	Note = {Definition of the word ``concern"},
	Publisher = {Oxford Dictionaries},
	Title = {Definition of concern in English},
	Bdsk-Url-1 = {http://english.yonhapnews.co.kr/search1/2603000000.html?cid=AEN20160831012100320}}

@electronic{oxfordDefinePublic,
	Annote = {Samsung expanded the recall to all Note 7s},
	Date-Added = {2018-03-16 06:35:44 +0000},
	Date-Modified = {2018-03-16 06:36:18 +0000},
	Howpublished = {\url{https://en.oxforddictionaries.com/definition/public}},
	Note = {Definition of the word ``public"},
	Publisher = {Oxford Dictionaries},
	Title = {Definition of public in English},
	Bdsk-Url-1 = {http://english.yonhapnews.co.kr/search1/2603000000.html?cid=AEN20160831012100320}}

@electronic{collinsDefineCooperate,
	Annote = {Samsung expanded the recall to all Note 7s},
	Date-Added = {2018-03-16 06:07:58 +0000},
	Date-Modified = {2018-03-16 06:08:41 +0000},
	Howpublished = {\url{https://www.collinsdictionary.com/us/dictionary/english/cooperate}},
	Note = {Definition of the word ``cooperate""},
	Publisher = {Collins Dictionary},
	Title = {Definition of `cooperate'},
	Bdsk-Url-1 = {http://english.yonhapnews.co.kr/search1/2603000000.html?cid=AEN20160831012100320}}

@electronic{audioenglishDefineModerate,
	Annote = {Samsung expanded the recall to all Note 7s},
	Date-Added = {2018-03-16 05:44:53 +0000},
	Date-Modified = {2018-03-16 05:45:46 +0000},
	Howpublished = {\url{https://www.audioenglish.org/dictionary/moderate.htm}},
	Note = {Definition of the word ``moderate"},
	Publisher = {AudioEnglish.org},
	Title = {Moderate},
	Bdsk-Url-1 = {http://english.yonhapnews.co.kr/search1/2603000000.html?cid=AEN20160831012100320}}

@electronic{oxfordDefineInterest,
	Annote = {Samsung expanded the recall to all Note 7s},
	Date-Added = {2018-03-16 05:28:09 +0000},
	Date-Modified = {2018-03-16 05:28:37 +0000},
	Howpublished = {\url{https://en.oxforddictionaries.com/definition/interest}},
	Note = {Definition of the word ``interest"},
	Publisher = {Oxford Dictionaries},
	Title = {Definition of interest in English},
	Bdsk-Url-1 = {http://english.yonhapnews.co.kr/search1/2603000000.html?cid=AEN20160831012100320}}

@electronic{CPSCFAQ,
	Author = {CPSC},
	Date-Added = {2018-03-16 03:17:02 +0000},
	Date-Modified = {2018-03-16 03:18:05 +0000},
	Howpublished = {\url{https://www.cpsc.gov/About-CPSC/Contact-Information}},
	Note = {The Consumer Products Safety Commission's FAQ page},
	Title = {Contact / FAQ},
	Bdsk-Url-1 = {https://www.cpsc.gov/recalls/2017/samsung-expands-recall-of-galaxy-note7-smartphones-based-on-additional-incidents-with-replacement-phones}}

@electronic{vergeFirstDisabledPhones,
	Annote = {Samsung expanded the recall to all Note 7s},
	Author = {Jacob Kastrenakes},
	Date-Added = {2018-03-15 22:35:04 +0000},
	Date-Modified = {2018-03-15 22:35:49 +0000},
	Howpublished = {\url{https://www.theverge.com/2016/12/8/13892400/samsung-galaxy-note-7-permanently-disabled-no-charging-us-update}},
	Month = {Dec},
	Publisher = {The Verge},
	Title = {Samsung may permanently disable Galaxy Note 7 phones in the US as soon as next week},
	Year = {2016},
	Bdsk-Url-1 = {http://english.yonhapnews.co.kr/search1/2603000000.html?cid=AEN20160831012100320}}

@electronic{samsungNewsroomUpdateAnnoucement,
	Annote = {Samsung expanded the recall to all Note 7s},
	Author = {Samsung},
	Date-Added = {2018-03-15 22:27:43 +0000},
	Date-Modified = {2018-03-15 22:29:31 +0000},
	Howpublished = {\url{https://news.samsung.com/us/samsung-taking-bold-steps-to-increase-galaxy-note7-device-returns/}},
	Month = {Dec},
	Note = {Samsung annouces the update on December 9, 2016 through a press release},
	Publisher = {Samsung},
	Title = {Samsung Taking Bold Steps to Increase Galaxy Note7 Device Returns},
	Year = {2016},
	Bdsk-Url-1 = {http://english.yonhapnews.co.kr/search1/2603000000.html?cid=AEN20160831012100320}}

@electronic{guardianRevlovBricked,
	Annote = {Samsung expanded the recall to all Note 7s},
	Author = {Alex Hern},
	Date-Added = {2018-03-15 06:00:20 +0000},
	Date-Modified = {2018-03-15 06:01:21 +0000},
	Howpublished = {\url{https://www.theguardian.com/technology/2016/apr/05/revolv-devices-bricked-google-nest-smart-home}},
	Note = {Article about Google shutting bricking products of newly aquired company.},
	Publisher = {The Guardian},
	Title = {Revolv devices bricked as Google's Nest shuts down smart home company},
	Bdsk-Url-1 = {http://english.yonhapnews.co.kr/search1/2603000000.html?cid=AEN20160831012100320}}

@electronic{freeDefineClear,
	Annote = {Samsung expanded the recall to all Note 7s},
	Date-Added = {2018-03-15 01:55:39 +0000},
	Date-Modified = {2018-03-16 00:16:59 +0000},
	Howpublished = {\url{https://www.thefreedictionary.com/clear}},
	Note = {\\Definition of the word ``clear"},
	Publisher = {The Free Dictionary},
	Title = {clear},
	Bdsk-Url-1 = {http://english.yonhapnews.co.kr/search1/2603000000.html?cid=AEN20160831012100320}}

@electronic{oxfordDefineTradeoff,
	Annote = {Samsung expanded the recall to all Note 7s},
	Date-Added = {2018-03-14 21:00:37 +0000},
	Date-Modified = {2018-03-14 21:01:09 +0000},
	Howpublished = {\url{https://en.oxforddictionaries.com/definition/us/trade-off}},
	Note = {Definition of the word ``trade-off"},
	Publisher = {Oxford Dictionaries},
	Title = {Definition of trade-off in US English},
	Bdsk-Url-1 = {http://english.yonhapnews.co.kr/search1/2603000000.html?cid=AEN20160831012100320}}

@electronic{dictionaryDefineConsideration,
	Annote = {Samsung expanded the recall to all Note 7s},
	Date-Added = {2018-03-14 20:24:19 +0000},
	Date-Modified = {2018-03-14 20:24:19 +0000},
	Howpublished = {\url{http://www.dictionary.com/browse/consideration}},
	Note = {Definition of the word ``consideration""},
	Publisher = {Dictionary.com},
	Title = {consideration},
	Bdsk-Url-1 = {http://english.yonhapnews.co.kr/search1/2603000000.html?cid=AEN20160831012100320}}

@electronic{macmillanDefineSignificant,
	Annote = {Samsung expanded the recall to all Note 7s},
	Date-Added = {2018-03-14 06:47:37 +0000},
	Date-Modified = {2018-03-14 20:26:35 +0000},
	Howpublished = {\url{https://www.macmillandictionary.com/us/dictionary/american/significant}},
	Note = {Definition of the word ``significant"},
	Publisher = {Macmillan Dictionary},
	Title = {significant - definitions and synonyms},
	Bdsk-Url-1 = {http://english.yonhapnews.co.kr/search1/2603000000.html?cid=AEN20160831012100320}}

@electronic{merriamDefineAccept,
	Annote = {Samsung expanded the recall to all Note 7s},
	Date-Added = {2018-03-14 06:39:15 +0000},
	Date-Modified = {2018-03-14 06:39:49 +0000},
	Howpublished = {\url{https://www.merriam-webster.com/dictionary/accept}},
	Note = {Definition of the word ``accept""},
	Publisher = {Merriam-Webster},
	Title = {Definition of Accept},
	Bdsk-Url-1 = {http://english.yonhapnews.co.kr/search1/2603000000.html?cid=AEN20160831012100320}}

@electronic{numbersOnFailureRates,
	Annote = {The CPSC's page about the Note 7 recall.},
	Author = {Sarmistha Acharya},
	Date-Added = {2018-03-14 06:06:54 +0000},
	Date-Modified = {2018-03-14 06:07:57 +0000},
	Howpublished = {\url{https://www.ibtimes.co.uk/exploding-note-7-mystery-numbers-this-how-many-phones-have-gone-smoke-1588560}},
	Month = {Oct},
	Note = {Article gives estimates of how many Note 7s have failed},
	Title = {Exploding Note 7 mystery in numbers: This is how many phones have gone up in smoke},
	Year = {2016},
	Bdsk-Url-1 = {https://www.recode.net/2017/1/22/14330404/samsung-note-7-problems-battery-investigation-explanation}}

@electronic{facebookAutoInstallConfirmation,
	Annote = {The CPSC's page about the Note 7 recall.},
	Author = {Fabian Charlton},
	Date-Added = {2018-03-14 05:46:00 +0000},
	Date-Modified = {2018-03-14 05:49:59 +0000},
	Howpublished = {\url{https://www.facebook.com/groups/N7Alliance/permalink/384993978520209/}},
	Month = {Jan},
	Note = {Note 7 owner confirms that the update is forced on users. Eventually, the user must choose to install the update instead of delaying it.},
	Title = {Comment on Facebook Post},
	Year = {2017},
	Bdsk-Url-1 = {https://www.recode.net/2017/1/22/14330404/samsung-note-7-problems-battery-investigation-explanation}}

@electronic{borgen,
	Annote = {Samsung expanded the recall to all Note 7s},
	Author = {Derek Marion},
	Date-Added = {2018-03-13 16:09:27 +0000},
	Date-Modified = {2018-03-14 04:35:25 +0000},
	Howpublished = {\url{https://www.ncbi.nlm.nih.gov/pmc/articles/PMC2156058/#r61}},
	Note = {An article about priorities in public health},
	Publisher = {National Institutes of Health},
	Title = {Autonomy, Paternalism, and Justice: Ethical Priorities in Public Health},
	Bdsk-Url-1 = {http://english.yonhapnews.co.kr/search1/2603000000.html?cid=AEN20160831012100320}}

@electronic{ncbiPaternalism,
	Annote = {Samsung expanded the recall to all Note 7s},
	Author = {David R. Buchanan},
	Date-Added = {2018-03-13 16:02:16 +0000},
	Date-Modified = {2018-03-13 16:03:18 +0000},
	Howpublished = {\url{https://www.ncbi.nlm.nih.gov/pmc/articles/PMC2156058/#r61}},
	Note = {An article about priorities in public health},
	Publisher = {National Institutes of Health},
	Title = {Autonomy, Paternalism, and Justice: Ethical Priorities in Public Health},
	Bdsk-Url-1 = {http://english.yonhapnews.co.kr/search1/2603000000.html?cid=AEN20160831012100320}}

@electronic{transparencyInBusiness,
	Annote = {Samsung expanded the recall to all Note 7s},
	Date-Added = {2018-03-13 06:18:21 +0000},
	Date-Modified = {2018-03-13 06:19:18 +0000},
	Howpublished = {\url{https://blog.experts-exchange.com/ee-blog/transparency-in-business-why-it-matters/}},
	Month = {Jun},
	Note = {An article advocating for transparency in businesses},
	Publisher = {Experts Exchange},
	Title = {Transparency in Business: Why It Matters},
	Year = {2012},
	Bdsk-Url-1 = {http://english.yonhapnews.co.kr/search1/2603000000.html?cid=AEN20160831012100320}}

@electronic{dictionaryDefineClient,
	Annote = {Samsung expanded the recall to all Note 7s},
	Date-Added = {2018-03-13 04:32:48 +0000},
	Date-Modified = {2018-03-13 04:32:48 +0000},
	Howpublished = {\url{http://www.dictionary.com/browse/client}},
	Note = {Definition of the word ``client"},
	Publisher = {Dictionary.com},
	Title = {Client},
	Bdsk-Url-1 = {http://english.yonhapnews.co.kr/search1/2603000000.html?cid=AEN20160831012100320}}

@electronic{gnuLinuxSize,
	Annote = {The CPSC's page about the Note 7 recall.},
	Author = {David A. Wheeler},
	Date-Added = {2018-03-13 02:39:31 +0000},
	Date-Modified = {2018-03-13 02:40:41 +0000},
	Howpublished = {\url{https://www.dwheeler.com/sloc/redhat71-v1/redhat71sloc.html}},
	Month = {Jun},
	Note = {Estimates the size of Red Hat Linux 7.1 to be over 30 million lines of code. Crazy.},
	Title = {More Than a Gigabuck: Estimating GNU/Linux's Size},
	Year = {2001},
	Bdsk-Url-1 = {https://www.recode.net/2017/1/22/14330404/samsung-note-7-problems-battery-investigation-explanation}}

@electronic{samsungModifiedAndroid,
	Annote = {Samsung expanded the recall to all Note 7s},
	Date-Added = {2018-03-13 02:29:40 +0000},
	Date-Modified = {2018-03-13 02:31:24 +0000},
	Howpublished = {\url{https://www.howtogeek.com/163558/how-carriers-and-manufacturers-make-your-android-phones-software-worse/}},
	Note = {Discusses how Android device manufacturers can modify Android as samsung did for the Note 7. This allows manufacturers to ship a custom OS.},
	Publisher = {How-To Geek},
	Title = {How Carriers and Manufacturers Make Your Android Phone's Software Worse},
	Bdsk-Url-1 = {http://english.yonhapnews.co.kr/search1/2603000000.html?cid=AEN20160831012100320}}

@electronic{merriamDefineSystem,
	Annote = {Samsung expanded the recall to all Note 7s},
	Date-Added = {2018-03-13 01:53:37 +0000},
	Date-Modified = {2018-03-13 01:54:10 +0000},
	Howpublished = {\url{https://www.merriam-webster.com/dictionary/system}},
	Note = {Definition of the word ``system"},
	Publisher = {Merriam-Webster},
	Title = {Definition of System},
	Bdsk-Url-1 = {http://english.yonhapnews.co.kr/search1/2603000000.html?cid=AEN20160831012100320}}

@electronic{merriamDefineOperatingSystem,
	Annote = {Samsung expanded the recall to all Note 7s},
	Date-Added = {2018-03-12 08:00:39 +0000},
	Date-Modified = {2018-03-12 08:01:10 +0000},
	Howpublished = {\url{https://techterms.com/definition/operating_system}},
	Note = {Definition of the term ``operating system"},
	Publisher = {Merriam-Webster},
	Title = {Definition of Operating System},
	Bdsk-Url-1 = {http://english.yonhapnews.co.kr/search1/2603000000.html?cid=AEN20160831012100320}}

@electronic{merriamDefineSoftware,
	Annote = {Samsung expanded the recall to all Note 7s},
	Date-Added = {2018-03-12 07:56:24 +0000},
	Date-Modified = {2018-03-12 07:56:58 +0000},
	Howpublished = {\url{https://www.merriam-webster.com/dictionary/software}},
	Note = {Definition of the word ``software"},
	Publisher = {Merriam-Webster},
	Title = {Definition of Software},
	Bdsk-Url-1 = {http://english.yonhapnews.co.kr/search1/2603000000.html?cid=AEN20160831012100320}}

@electronic{merriamDefineParticipate,
	Annote = {Samsung expanded the recall to all Note 7s},
	Date-Added = {2018-03-12 07:34:04 +0000},
	Date-Modified = {2018-03-12 07:34:54 +0000},
	Howpublished = {\url{https://www.merriam-webster.com/dictionary/participate}},
	Note = {Definition of the word ``participate"},
	Publisher = {Merriam-Webster},
	Title = {Definition of Participate},
	Bdsk-Url-1 = {http://english.yonhapnews.co.kr/search1/2603000000.html?cid=AEN20160831012100320}}

@electronic{merriamDefineDirect,
	Annote = {Samsung expanded the recall to all Note 7s},
	Date-Added = {2018-03-12 07:31:07 +0000},
	Date-Modified = {2018-03-12 07:31:44 +0000},
	Howpublished = {\url{https://www.merriam-webster.com/dictionary/direct}},
	Note = {Definition of the word ``direct"},
	Publisher = {Merriam-Webster},
	Title = {Definiton of Direct},
	Bdsk-Url-1 = {http://english.yonhapnews.co.kr/search1/2603000000.html?cid=AEN20160831012100320}}

@electronic{oxfordDefineContritute,
	Annote = {Samsung expanded the recall to all Note 7s},
	Date-Added = {2018-03-12 07:27:47 +0000},
	Date-Modified = {2018-03-12 07:28:38 +0000},
	Howpublished = {\url{https://en.oxforddictionaries.com/definition/contribute}},
	Note = {Definition of the word ``contribute"},
	Publisher = {Oxford Dictionaries},
	Title = {contribute},
	Bdsk-Url-1 = {http://english.yonhapnews.co.kr/search1/2603000000.html?cid=AEN20160831012100320}}

@electronic{mashableMiguelinaBetty,
	Annote = {Samsung expanded the recall to all Note 7s},
	Author = {Raymond Wong},
	Date-Added = {2018-03-12 05:48:06 +0000},
	Date-Modified = {2018-03-14 04:36:05 +0000},
	Howpublished = {\url{https://mashable.com/2017/03/27/galaxy-note-7-brick-update/#qf3klkezqEql}},
	Month = {Mar},
	Note = {A report on Miguelina Betty, founder of the Note 7 Alliance Facebook group. She argues that she should be able to decide which phone she uses.},
	Publisher = {Mashable},
	Title = {A new update will finally kill the Samsung Galaxy Note 7 once and for all},
	Year = {2017},
	Bdsk-Url-1 = {http://english.yonhapnews.co.kr/search1/2603000000.html?cid=AEN20160831012100320}}

@electronic{redditJalabi99ArgueUnethical,
	Author = {jalabi99},
	Date-Added = {2018-03-01 16:54:41 +0000},
	Date-Modified = {2018-03-01 17:12:17 +0000},
	Howpublished = {\url{https://www.reddit.com/r/GalaxyNote7/comments/5heq7t/samsung_confirms_it_will_render_the_us_note_7/db5jfv2/}},
	Month = {Dec},
	Note = {Reddit user jalabi99 argues that customers who own Note 7s should be able to fully control their own devices},
	Year = {2016},
	Bdsk-Url-1 = {https://www.cpsc.gov/recalls/2017/samsung-expands-recall-of-galaxy-note7-smartphones-based-on-additional-incidents-with-replacement-phones}}

@electronic{merriamDefineDevelop,
	Annote = {Samsung expanded the recall to all Note 7s},
	Date-Added = {2018-03-01 08:16:36 +0000},
	Date-Modified = {2018-03-01 08:16:56 +0000},
	Howpublished = {\url{https://www.merriam-webster.com/dictionary/develop}},
	Note = {Definition of the word ``develop"},
	Publisher = {Merriam-Webster},
	Title = {Definition of Develop},
	Bdsk-Url-1 = {http://english.yonhapnews.co.kr/search1/2603000000.html?cid=AEN20160831012100320}}

@electronic{merriamDefineDevelopment,
	Annote = {Samsung expanded the recall to all Note 7s},
	Date-Added = {2018-03-01 08:14:55 +0000},
	Date-Modified = {2018-03-01 08:16:07 +0000},
	Howpublished = {\url{https://www.merriam-webster.com/dictionary/development}},
	Note = {Definition of the word ``development"},
	Publisher = {Merriam-Webster},
	Title = {Definition of Development},
	Bdsk-Url-1 = {http://english.yonhapnews.co.kr/search1/2603000000.html?cid=AEN20160831012100320}}

@electronic{bgrCarriersRecallMessages,
	Author = {Zach Epstein},
	Date-Added = {2018-03-01 04:47:22 +0000},
	Date-Modified = {2018-03-01 04:48:51 +0000},
	Howpublished = {\url{http://bgr.com/2016/12/12/galaxy-note-7-recall-verizon-att-t-mobile-update/}},
	Month = {Dec},
	Note = {Carriers give some exact dates that the charging-disabling update will be shipped},
	Title = {Carriers announce the exact dates they plan to kill your Galaxy Note 7},
	Year = {2016},
	Bdsk-Url-1 = {https://www.cpsc.gov/recalls/2017/samsung-expands-recall-of-galaxy-note7-smartphones-based-on-additional-incidents-with-replacement-phones}}

@electronic{youtubeKillUpdateScreenshots,
	Annote = {Samsung expanded the recall to all Note 7s},
	Author = {GregglesTV},
	Date-Added = {2018-03-01 04:27:59 +0000},
	Date-Modified = {2018-03-01 05:14:13 +0000},
	Howpublished = {\url{https://www.youtube.com/watch?v=XlbrqXpjs7g}},
	Month = {Dec},
	Publisher = {YouTube},
	Title = {Galaxy Note 7 Official Kill Update Screenshots | T-Mobile},
	Year = {2016},
	Bdsk-Url-1 = {http://english.yonhapnews.co.kr/search1/2603000000.html?cid=AEN20160831012100320}}

@electronic{pocketnowNoLongerWorkMessageUSCellular,
	Author = {Jules Wang},
	Date-Added = {2018-03-01 04:03:47 +0000},
	Date-Modified = {2018-03-01 04:05:46 +0000},
	Howpublished = {\url{http://pocketnow.com/2016/12/08/us-galaxy-note-7-wont-charge-update}},
	Month = {Dec},
	Title = {US Galaxy Note 7 won't charge starting December 15},
	Year = {2016},
	Bdsk-Url-1 = {https://www.cpsc.gov/recalls/2017/samsung-expands-recall-of-galaxy-note7-smartphones-based-on-additional-incidents-with-replacement-phones}}

@electronic{fortuneCustomersWontSurrenderPhones,
	Author = {Aaron Pressman},
	Date-Added = {2018-03-01 03:49:14 +0000},
	Date-Modified = {2018-03-01 03:50:02 +0000},
	Howpublished = {\url{http://fortune.com/2017/01/17/samsung-galaxy-note-7-verizon/}},
	Month = {Jan},
	Title = {Exclusive: Thousands of Verizon Customers Won't Turn in Samsung Galaxy Note 7 Phones},
	Year = {2017},
	Bdsk-Url-1 = {https://www.cpsc.gov/recalls/2017/samsung-expands-recall-of-galaxy-note7-smartphones-based-on-additional-incidents-with-replacement-phones}}

@electronic{youtubeGuideDisableUpdates,
	Annote = {Samsung expanded the recall to all Note 7s},
	Author = {iMiami},
	Date-Added = {2018-03-01 03:46:57 +0000},
	Date-Modified = {2018-03-01 03:48:33 +0000},
	Howpublished = {\url{https://www.youtube.com/watch?v=6WwvH_Bb0Pg}},
	Month = {Feb},
	Publisher = {YouTube},
	Title = {How To Block/Disable Galaxy Note 7 Kill Updates !},
	Year = {2017},
	Bdsk-Url-1 = {http://english.yonhapnews.co.kr/search1/2603000000.html?cid=AEN20160831012100320}}

@electronic{oxfordDefineConsent,
	Annote = {Samsung expanded the recall to all Note 7s},
	Date-Added = {2018-03-01 02:19:20 +0000},
	Date-Modified = {2018-03-01 05:16:03 +0000},
	Howpublished = {\url{https://en.oxforddictionaries.com/definition/consent}},
	Note = {Definition of the word ``consent"},
	Publisher = {Oxford Dictionaries},
	Title = {Consent},
	Bdsk-Url-1 = {http://english.yonhapnews.co.kr/search1/2603000000.html?cid=AEN20160831012100320}}

@electronic{cambridgeDefineClear,
	Annote = {Samsung expanded the recall to all Note 7s},
	Date-Added = {2018-03-01 02:18:02 +0000},
	Date-Modified = {2018-03-14 06:35:27 +0000},
	Howpublished = {\url{https://dictionary.cambridge.org/dictionary/english/clear}},
	Note = {Definition of the word ``clear"},
	Publisher = {Cambridge Dictionary},
	Title = {Meaning of ``clear'' in the English Dictionary},
	Bdsk-Url-1 = {http://english.yonhapnews.co.kr/search1/2603000000.html?cid=AEN20160831012100320}}

@electronic{merriamDefineProperty,
	Annote = {Samsung expanded the recall to all Note 7s},
	Date-Added = {2018-03-01 02:16:07 +0000},
	Date-Modified = {2018-03-01 05:15:18 +0000},
	Howpublished = {\url{https://www.merriam-webster.com/dictionary/property}},
	Note = {Definition of the word ``property"},
	Publisher = {Merriam-Webster},
	Title = {Definition of Property},
	Bdsk-Url-1 = {http://english.yonhapnews.co.kr/search1/2603000000.html?cid=AEN20160831012100320}}

@electronic{wordnikDefineUse,
	Annote = {Samsung expanded the recall to all Note 7s},
	Date-Added = {2018-02-28 21:57:59 +0000},
	Date-Modified = {2018-03-01 05:15:46 +0000},
	Howpublished = {\url{https://www.wordnik.com/words/use}},
	Note = {Definition of the word ``use"},
	Publisher = {Wordnik},
	Title = {Use Definitions},
	Bdsk-Url-1 = {http://english.yonhapnews.co.kr/search1/2603000000.html?cid=AEN20160831012100320}}

@electronic{greenBatteryIndicator,
	Annote = {Samsung expanded the recall to all Note 7s},
	Author = {Ron Amedo},
	Date-Added = {2018-01-25 09:36:56 +0000},
	Date-Modified = {2018-01-25 09:37:53 +0000},
	Howpublished = {\url{https://arstechnica.com/gadgets/2016/09/samsungs-latest-note-7-battery-fix-violates-android-compatibility-docs/}},
	Month = {Sep},
	Publisher = {Ars Technica},
	Title = {Samsung's latest Note 7 battery fix violates Android compatibility docs},
	Year = {2016},
	Bdsk-Url-1 = {http://english.yonhapnews.co.kr/search1/2603000000.html?cid=AEN20160831012100320}}

@electronic{boxMarkedDifferent,
	Annote = {Samsung expanded the recall to all Note 7s},
	Author = {Chris Welch},
	Date-Added = {2018-01-25 09:34:39 +0000},
	Date-Modified = {2018-01-25 09:35:25 +0000},
	Howpublished = {\url{https://www.theverge.com/circuitbreaker/2016/9/9/12865966/samsung-note-7-recall-battery-mark-blue-s}},
	Month = {Sep},
	Publisher = {The Verge},
	Title = {Samsung will mark replacement Note 7 devices with a blue S on the box},
	Year = {2016},
	Bdsk-Url-1 = {http://english.yonhapnews.co.kr/search1/2603000000.html?cid=AEN20160831012100320}}

@electronic{wsjFatalMistake,
	Annote = {Samsung expanded the recall to all Note 7s},
	Author = {Jonathan Cheng, John D. McKinnon},
	Date-Added = {2018-01-25 09:30:55 +0000},
	Date-Modified = {2018-01-25 09:36:25 +0000},
	Howpublished = {\url{https://www.wsj.com/articles/the-fatal-mistake-that-doomed-samsungs-galaxy-note-1477248978}},
	Month = {Oct},
	Publisher = {The Wall Street Journal},
	Title = {The Fatal Mistake That Doomed Samsung's Galaxy Note},
	Year = {2016},
	Bdsk-Url-1 = {http://english.yonhapnews.co.kr/search1/2603000000.html?cid=AEN20160831012100320}}

@electronic{codeOfEthics,
	Annote = {Samsung expanded the recall to all Note 7s},
	Author = {ACM/IEEE},
	Date-Added = {2018-01-25 07:45:46 +0000},
	Date-Modified = {2018-01-25 08:04:31 +0000},
	Howpublished = {\url{https://ethics.acm.org/code-of-ethics/software-engineering-code/}},
	Note = {Verizon announces that they will not issue update to disable charging of Note 7 until holidays are over in January.},
	Publisher = {Association for Computing Machinery},
	Title = {The Software Engineering Code of Ethics and Professional Practice},
	Bdsk-Url-1 = {http://english.yonhapnews.co.kr/search1/2603000000.html?cid=AEN20160831012100320}}

@electronic{tMobileStatement,
	Annote = {Samsung expanded the recall to all Note 7s},
	Author = {Chris Welch},
	Date-Added = {2018-01-25 06:52:58 +0000},
	Date-Modified = {2018-01-25 06:55:12 +0000},
	Howpublished = {\url{https://www.theverge.com/circuitbreaker/2016/12/9/13899852/verizon-refuses-samsung-note-7-update}},
	Month = {Dec},
	Note = {Verizon makes statement that they don't want to cut off people's contact during the holidays. T-Mobile wants to do "the right thing" and make sure that their customers are safe.},
	Publisher = {The Verge},
	Title = {Verizon refuses to release update that would kill Samsung's Note 7},
	Year = {2016},
	Bdsk-Url-1 = {http://english.yonhapnews.co.kr/search1/2603000000.html?cid=AEN20160831012100320}}

@electronic{verizonPressRelease,
	Annote = {Samsung expanded the recall to all Note 7s},
	Date-Added = {2018-01-25 06:49:41 +0000},
	Date-Modified = {2018-01-25 06:51:25 +0000},
	Howpublished = {\url{http://www.verizon.com/about/news/verizon-statement-regarding-samsung-galaxy-note7}},
	Month = {Dec},
	Note = {Verizon announces that they will not issue update to disable charging of Note 7 until holidays are over in January.},
	Publisher = {Verizon},
	Title = {Verizon statement regarding Samsung Galaxy Note7},
	Year = {2016},
	Bdsk-Url-1 = {http://english.yonhapnews.co.kr/search1/2603000000.html?cid=AEN20160831012100320}}

@electronic{jamesVincentVerge,
	Annote = {Samsung expanded the recall to all Note 7s},
	Author = {James Vincent},
	Date-Added = {2018-01-25 06:34:50 +0000},
	Date-Modified = {2018-01-25 06:36:52 +0000},
	Howpublished = {\url{https://www.theverge.com/2016/9/15/12926308/galaxy-note-7-recall-samsung-fumbled-usage}},
	Month = {Sep},
	Publisher = {The Verge},
	Title = {Everyone is still using their Galaxy Note 7 as Samsung fumbles its global recall},
	Year = {2016},
	Bdsk-Url-1 = {http://english.yonhapnews.co.kr/search1/2603000000.html?cid=AEN20160831012100320}}

@electronic{anotherOne,
	Annote = {The CPSC's page about the Note 7 recall.},
	Author = {Jordan Golson},
	Date-Added = {2018-01-25 04:14:26 +0000},
	Date-Modified = {2018-01-25 04:15:54 +0000},
	Howpublished = {\url{https://www.theverge.com/2016/10/8/13214272/samsung-galaxy-note-7-fire-replacement-battery-minnesota-again}},
	Month = {Oct},
	Note = {Replacement models caught fire too.},
	Title = {Another replacement Galaxy Note 7 has reportedly caught fire},
	Year = {2016},
	Bdsk-Url-1 = {https://www.recode.net/2017/1/22/14330404/samsung-note-7-problems-battery-investigation-explanation}}

@electronic{guardian,
	Author = {Samuel Gibbs},
	Date-Added = {2018-01-25 03:40:37 +0000},
	Date-Modified = {2018-01-25 09:27:16 +0000},
	Howpublished = {\url{https://www.theguardian.com/technology/2016/aug/31/samsung-delays-galaxy-note-7-quality-testing}},
	Month = {Aug},
	Title = {Samsung delays shipments of Galaxy Note 7 for quality control testing},
	Year = {2016},
	Bdsk-Url-1 = {https://www.cpsc.gov/recalls/2017/samsung-expands-recall-of-galaxy-note7-smartphones-based-on-additional-incidents-with-replacement-phones}}

@electronic{yonhapnews,
	Annote = {Samsung expanded the recall to all Note 7s},
	Date-Added = {2018-01-25 03:36:24 +0000},
	Date-Modified = {2018-01-25 03:42:46 +0000},
	Howpublished = {\url{http://english.yonhapnews.co.kr/search1/2603000000.html?cid=AEN20160831012100320}},
	Month = {Aug},
	Note = {Local news agency in Seoul reports on Note 7 battery issues.},
	Publisher = {Yonhap News Agency},
	Title = {Samsung said to halt supply of Galaxy Note 7},
	Year = {2016},
	Bdsk-Url-1 = {http://english.yonhapnews.co.kr/search1/2603000000.html?cid=AEN20160831012100320}}

@electronic{recode,
	Annote = {The CPSC's page about the Note 7 recall.},
	Author = {Ina Fried},
	Date-Added = {2018-01-25 03:21:54 +0000},
	Date-Modified = {2018-01-25 09:26:41 +0000},
	Howpublished = {\url{https://www.recode.net/2017/1/22/14330404/samsung-note-7-problems-battery-investigation-explanation}},
	Month = {Jan},
	Note = {Samsung reps discuss the two separate battery flaws. The first issue was a design flaw in the upper right corner of the battery. When Samsung stopped using flawed batteries and ordered significantly more from another supplier, the supplier ramped up too fast and allowed for manufacturing defects in the batteries.},
	Title = {Samsung says two separate battery issues were to blame for all of its Galaxy Note 7 problems},
	Year = {2017},
	Bdsk-Url-1 = {https://www.recode.net/2017/1/22/14330404/samsung-note-7-problems-battery-investigation-explanation}}

@online{samsungPressRelease,
	Date-Modified = {2018-01-25 02:42:09 +0000},
	Howpublished = {\url{https://www.samsung.com/us/explore/note7-press-conference-detail/}},
	Month = {Mar},
	Note = {A page about how Samsung reacted to the battery failures in the Note 7. The video at the bottom of the page shows that there was a failure point for each of the 2 batteries used.},
	Publisher = {Samsung},
	Title = {Samsung Note 7: Press Conference Details},
	Year = {2017},
	Bdsk-Url-1 = {https://www.samsung.com/us/explore/note7-press-conference-detail}}

@electronic{samsungFullRecallAnnounce,
	Annote = {Samsung expanded the recall to all Note 7s},
	Author = {Samsung},
	Date-Added = {2018-01-23 04:36:33 +0000},
	Date-Modified = {2018-01-25 03:40:01 +0000},
	Howpublished = {\url{http://www.samsung.com/us/note7recall/}},
	Month = {Sep},
	Title = {Samsung Expands Recall to All Galaxy Note7 Devices},
	Year = {2016},
	Bdsk-Url-1 = {http://www.samsung.com/us/note7recall/}}

@electronic{FAA,
	Annote = {The FAA issued a warning on September 9, 2016, strongly advising its passengers to ``not to turn on or charge these devices on board aircraft and not to stow them in any checked baggage.''},
	Author = {FAA},
	Date-Added = {2018-01-23 04:31:55 +0000},
	Date-Modified = {2018-01-25 02:51:44 +0000},
	Howpublished = {\url{https://www.faa.gov/news/updates/?newsId=86424}},
	Month = {Sep},
	Note = {The FAA suggests passengers do not use or charge Note 7 devices on planes.},
	Title = {FAA Statement on Samsung Galaxy Note 7 Devices},
	Url = {\url{https://www.faa.gov/news/updates/?newsId=86424}},
	Year = {2016},
	Bdsk-Url-1 = {https://www.faa.gov/news/updates/?newsId=86424}}

@electronic{CPSC,
	Author = {CPSC},
	Date-Added = {2018-01-23 04:23:44 +0000},
	Date-Modified = {2018-03-15 05:21:45 +0000},
	Howpublished = {\url{https://www.cpsc.gov/recalls/2017/samsung-expands-recall-of-galaxy-note7-smartphones-based-on-additional-incidents-with-replacement-phones}},
	Month = {October},
	Note = {The Consumer Products Safety Commission's page about the Note 7 recall.},
	Title = {Samsung Expands Recall of Galaxy Note7 Smartphones Based on Additional Incidents with Replacement Phones; Serious Fire and Burn Hazards},
	Year = {2017},
	Bdsk-Url-1 = {https://www.cpsc.gov/recalls/2017/samsung-expands-recall-of-galaxy-note7-smartphones-based-on-additional-incidents-with-replacement-phones}}
